<record><leader>00000cas a2200000 a 4500</leader><controlfield tag="001">31619215</controlfield><controlfield tag="007">hd bfu---baat</controlfield><controlfield tag="007">hd afu---bact</controlfield><controlfield tag="008">941206d19201994nbuwr nea     0    0eng d</controlfield><datafield ind1=" " ind2=" " tag="010"><subfield code="a">sn 94056657 </subfield></datafield><datafield ind1=" " ind2=" " tag="040"><subfield code="a">NVG</subfield><subfield code="b">eng</subfield><subfield code="c">NVG</subfield><subfield code="d">OCL</subfield><subfield code="d">OCLCQ</subfield><subfield code="d">OCLCF</subfield><subfield code="d">OCLCO</subfield><subfield code="d">OCLCQ</subfield></datafield><datafield ind1=" " ind2=" " tag="042"><subfield code="a">msc</subfield></datafield><datafield ind1=" " ind2=" " tag="043"><subfield code="a">n-us-nb</subfield></datafield><datafield ind1="0" ind2="0" tag="245"><subfield code="a">Franklin County sentinel.</subfield></datafield><datafield ind1="1" ind2="7" tag="246"><subfield code="a">Franklin sentinel</subfield><subfield code="f">Oct. 28, 1920-May 19, 1921</subfield></datafield><datafield ind1=" " ind2=" " tag="260"><subfield code="a">Franklin, Franklin County, Neb. :</subfield><subfield code="b">G.W. Joy &amp; Anne Porter,</subfield><subfield code="c">1920-1994.</subfield></datafield><datafield ind1=" " ind2=" " tag="300"><subfield code="a">75 volumes</subfield></datafield><datafield ind1=" " ind2=" " tag="310"><subfield code="a">Weekly</subfield></datafield><datafield ind1=" " ind2=" " tag="336"><subfield code="a">text</subfield><subfield code="b">txt</subfield><subfield code="2">rdacontent</subfield></datafield><datafield ind1=" " ind2=" " tag="337"><subfield code="a">microform</subfield><subfield code="b">h</subfield><subfield code="2">rdamedia</subfield></datafield><datafield ind1=" " ind2=" " tag="338"><subfield code="a">microfilm reel</subfield><subfield code="b">hd</subfield><subfield code="2">rdacarrier</subfield></datafield><datafield ind1="0" ind2=" " tag="362"><subfield code="a">Vol. 31, no. 48 (Oct. 28, 1920)-105th year, no. 34 (July 6, 1994).</subfield></datafield><datafield ind1=" " ind2=" " tag="515"><subfield code="a">Issue for Nov. 11, 1920 incorrectly dated Oct. 11, 1920.</subfield></datafield><datafield ind1=" " ind2=" " tag="580"><subfield code="a">Absorbed: Franklin County news (Franklin, Neb. : 1916), 1929; Upland eagle, 1932; Riverton review (Riverton, Neb.), 1940; Campbell citizen (Campbell, Neb.), 1944.</subfield></datafield><datafield ind1=" " ind2=" " tag="533"><subfield code="a">Microfilm.</subfield><subfield code="m">1920-1994:[Gaps]</subfield><subfield code="b">[Lincoln, Neb. :</subfield><subfield code="c">Nebraska State Historical Society],</subfield><subfield code="d">-1994.</subfield><subfield code="e">38 microfilm reels ; 35 mm.</subfield></datafield><datafield ind1=" " ind2="0" tag="651"><subfield code="a">Franklin (Neb.)</subfield><subfield code="v">Newspapers.</subfield></datafield><datafield ind1=" " ind2="0" tag="651"><subfield code="a">Franklin County (Neb.)</subfield><subfield code="v">Newspapers.</subfield></datafield><datafield ind1=" " ind2="7" tag="651"><subfield code="a">Nebraska</subfield><subfield code="z">Franklin.</subfield><subfield code="2">fast</subfield><subfield code="0">(OCoLC)fst01275706</subfield></datafield><datafield ind1=" " ind2="7" tag="651"><subfield code="a">Nebraska</subfield><subfield code="z">Franklin County.</subfield><subfield code="2">fast</subfield><subfield code="0">(OCoLC)fst01212883</subfield></datafield><datafield ind1=" " ind2="7" tag="655"><subfield code="a">Newspapers.</subfield><subfield code="2">fast</subfield><subfield code="0">(OCoLC)fst01423814</subfield></datafield><datafield ind1=" " ind2=" " tag="752"><subfield code="a">United States</subfield><subfield code="b">Nebraska</subfield><subfield code="c">Franklin</subfield><subfield code="d">Franklin.</subfield></datafield><datafield ind1="0" ind2="0" tag="780"><subfield code="t">Franklin sentinel (Franklin, Neb.)</subfield><subfield code="w">(DLC)sn 94056656</subfield></datafield><datafield ind1="1" ind2="5" tag="780"><subfield code="t">Franklin County news (Franklin, Neb. : 1916)</subfield><subfield code="w">(DLC)sn 94056661</subfield></datafield><datafield ind1="1" ind2="5" tag="780"><subfield code="t">Upland eagle</subfield><subfield code="w">(DLC)sn 94056664</subfield></datafield><datafield ind1="1" ind2="5" tag="780"><subfield code="t">Riverton review (Riverton, Neb.)</subfield><subfield code="w">(DLC)sn 94056667</subfield></datafield><datafield ind1="1" ind2="5" tag="780"><subfield code="t">Campbell citizen (Campbell, Neb.)</subfield><subfield code="w">(DLC)sn 94056668</subfield></datafield><datafield ind1="1" ind2=" " tag="029"><subfield code="a">AU@</subfield><subfield code="b">000011427593</subfield></datafield></record>